% Encoding: UTF-8
@article{BengtssonEtAl2018,
  author  = {Bengtsson, Victor and Berglund, Lars and Aasa, Ulrika},
  year    = {2018},
  pages   = {8},
  title   = {Narrative review of injuries in powerlifting with special reference to their association to the squat, bench press and deadlift},
  volume  = {4},
  journal = {BMJ Open Sport \& Exercise Medicine}
}

@article{BeomjunEtAl2022,
  author  = {Jo, Beomjun and Kim, SeongKi},
  year    = {2022},
  pages   = {119-124},
  title   = {Comparative Analysis of OpenPose, PoseNet, and MoveNet Models for Pose Estimation in Mobile Devices},
  volume  = {39},
  journal = {Traitement du Signal}
}

@article{BirdEtAl2010,
  title   = {Exploring the Deadlift},
  author  = {Bird, Stephen and Barrington-Higgs, Benjamin},
  journal = {Strength and Conditioning Journal},
  volume  = {32},
  number  = {2},
  pages   = {46--51},
  year    = {2010},
  doi     = {10.1519/SSC.0b013e3181d59582}
}

@article{ChaiEtAl2021,
  author  = {Junyi Chai and Hao Zeng and Anming Li and Eric W.T. Ngai},
  journal = {Machine Learning with Applications},
  pages   = {13},
  title   = {Deep learning in computer vision: A critical review of emerging techniques and application scenarios},
  volume  = {6},
  year    = {2021}
}

@article{ComfortEtAl2018,
  title   = {Optimizing Squat Technique---Revisited},
  author  = {Comfort, Paul and McMahon, John J. and Suchomel, Timothy J.},
  journal = {Strength and Conditioning Journal},
  volume  = {40},
  number  = {6},
  pages   = {68--74},
  year    = {2018},
  doi     = {10.1519/SSC.0000000000000398}
}

@article{CzaprowskiEtAl2012,
  author  = {Czaprowski, Dariusz and Biernat, Ryszard and Kędra, Agnieszka},
  year    = {2012},
  title   = {Squat - Rules of Performing and Most Common Mistakes},
  volume  = {19},
  journal = {Polish Journal of Sport and Tourism},
  doi     = {10.2478/v10197-012-0001-6}
}

@article{DongEtAl2024,
  author  = {Dong, C. and Du, G.},
  title   = {An enhanced real-time human pose estimation method based on modified YOLOv8 framework},
  year    = {2024},
  volume  = {14},
  number  = {1},
  journal = {Scientific Reports}
}

@article{HouEtAl2020,
  title  = {MobilePose: Real-Time Pose Estimation for Unseen Objects with Weak Shape Supervision},
  author = {Tingbo Hou and Adel Ahmadyan and Liangkai Zhang and Jianing Wei and Matthias Grundmann},
  year   = {2020},
  url    = {https://arxiv.org/abs/2003.03522}
}

@article{JanieschEtAl2021,
  author  = {Janiesch, C. and Zschech, P. and Heinrich, K.},
  title   = {Machine learning and deep learning},
  journal = {Electron Markets},
  volume  = {31},
  year    = {2021},
  pages   = {685--695}
}

@article{JiangEtAl2022,
  author  = {Jiang, Y. and Li, X. and Luo, H. et al.},
  journal = {Discover Artificial Intelligence},
  pages   = {19},
  title   = {Quo vadis artificial intelligence?},
  year    = {2022}
}

@article{JiangEtAl2023,
  title  = {RTMPose: Real-Time Multi-Person Pose Estimation based on MMPose},
  author = {Tao Jiang and Peng Lu and Li Zhang and Ningsheng Ma and Rui Han and Chengqi Lyu and Yining Li and Kai Chen},
  year   = {2023},
  url    = {https://arxiv.org/abs/2303.07399}
}

@article{KanaseEtAl2021,
  author  = {Rahul Ravikant Kanase, Akash Narayan Kumavat, Rohit Datta Sinalkar and Sakshi Somani},
  year    = {2021},
  pages   = {6},
  title   = {Pose Estimation and Correcting Exercise Posture},
  volume  = {40},
  journal = {International Conference on Automation, Computing and Communication 2021 (ICACC-2021)}
}

@article{Kouassi2023,
  author  = {Kouassi, Konan Jean-Claude},
  journal = {Computer Science Conference Proceedings in Computer Science \& Information Technology (CS \& IT) series, Forthcoming},
  pages   = {22},
  title   = {A Comprehensive Overview of Artificial Intelligence},
  year    = {2023}
}

@article{KrolEtAl2010,
  title   = {Complex analysis of movement in evaluation of flat bench press performance},
  author  = {Król, Henryk and Golas, Artur and Sobota, Grzegorz},
  journal = {Acta of Bioengineering and Biomechanics},
  volume  = {12},
  number  = {2},
  year    = {2010}
}

@article{LiuEtAl2022,
  author  = {Yan Liu and Jingwen Wang and Yujie Li and Guangwei Li},
  year    = {2022},
  pages   = {10},
  title   = {2D Pose Estimation Based on Deep Learning for Mobile System},
  volume  = {2216},
  journal = {Journal of Physics: Conference Series}
}

@article{LorenzettiEtAl2018,
  title   = {How to squat? Effects of various stance widths, foot placement angles and level of experience on knee, hip and trunk motion and loading},
  author  = {Lorenzetti, Silvio and Ostermann, Mira and Zeidler, Fabian and Zimmer, Pia and Jentsch, Lina and List, Renate and Taylor, William R and Schellenberg, Florian},
  journal = {BMC Sports Science, Medicine and Rehabilitation},
  volume  = {10},
  number  = {14},
  year    = {2018},
  doi     = {10.1186/s13102-018-0103-7}
}

@article{NoteboomEtAl2024,
  title   = {Effects of bench press technique variations on musculoskeletal shoulder loads and potential injury risk},
  author  = {Noteboom, L and Belli, I and Hoozemans, MJM and Seth, A and Veeger, HEJ and Van Der Helm, FCT},
  journal = {Frontiers in Physiology},
  volume  = {15},
  pages   = {12},
  year    = {2024},
  doi     = {10.3389/fphys.2024.1393235}
}

@article{PauloEtAl2024,
  author  = {Paulo V. Opiña Jr. and Arnel C. Fajardo},
  title   = {Real-time Pose Estimation for Mobile Devices: A Review},
  journal = {International Journal of Multidisciplinary Research and Analysis},
  number  = {4},
  volume  = {7},
  year    = {2024},
  pages   = {1803--1810}
}

@article{RoggioEtAl2024,
  title   = {A comprehensive analysis of the machine learning pose estimation models used in human movement and posture analyses: A narrative review},
  author  = {Roggio, Federico and Trovato, Bruno and Sortino, Martina and Musumeci, Giuseppe},
  journal = {Heliyon},
  volume  = {10},
  number  = {21},
  year    = {2024},
  doi     = {10.1016/j.heliyon.2024.e39977}
}

@article{Ronai2018,
  title   = {The Bench Press Exercise},
  author  = {Ronai, Peter},
  journal = {ACSM's Health \& Fitness Journal},
  volume  = {22},
  number  = {6},
  pages   = {52--57},
  year    = {2018},
  doi     = {10.1249/FIT.0000000000000432}
}

@article{Ronai2020,
  author  = {Ronai, Peter},
  year    = {2020},
  pages   = {31-36},
  title   = {The Deadlift},
  volume  = {24},
  journal = {ACSMʼs Health \& Fitness Journal},
  doi     = {10.1249/FIT.0000000000000559}
}

@article{RonaiEtAl2023,
  author  = {Ronai, Peter and Gendron, Kevin},
  year    = {2023},
  pages   = {65-73},
  title   = {The Barbell Back Squat Exercise},
  volume  = {27},
  journal = {ACSM'S Health \& Fitness Journal},
  doi     = {10.1249/FIT.0000000000000884}
}

@article{SharifaniEtAl2023,
  author  = {Sharifani, Koosha and Amini, Mahyar},
  journal = {World Information Technology and Engineering Journal},
  pages   = {3897--3904},
  title   = {Machine Learning and Deep Learning: A Review of Methods and Applications},
  year    = {2023}
}

@article{SiddharthEtAl2021,
  author  = {Sen, Siddharth and Maheshwari, Somya and Kumar, Ankit},
  journal = {Proceedings of the International Conference on Innovative Computing \& Communication (ICICC)},
  title   = {Review of Recent Developments in Human Pose Estimation},
  pages   = {5},
  year    = {2021}
}

@article{StrömbäckEtAl2018,
  author  = {Strömbäck, Edit and Aasa, Ulrika and Gilenstam, Kajsa and Berglund, Lars},
  year    = {2018},
  pages   = {10},
  title   = {Prevalence and Consequences of Injuries in Powerlifting: A Cross-sectional Study},
  volume  = {6},
  journal = {Orthopaedic Journal of Sports Medicine}
}

@article{SulongEtAl2023,
  author  = {Ghazali Bin Sulong and M . Randles},
  title   = {Computer Vision Using Pose Estimation},
  journal = {Wasit Journal of Computer and Mathematics Science},
  number  = {1},
  volume  = {2},
  year    = {2023},
  pages   = {54--58}
}

@article{TymchikEtAl2021,
  author  = {Tymchik, Svitlana and Goloborodko, Vladislav},
  year    = {2021},
  pages   = {105-111},
  title   = {Historical analysis of the development of powerlifting. Powerlifting. Stages of the learning process. Competition texchniques},
  journal = {Scientific Journal of National Pedagogical Dragomanov University Series 15 Scientific and pedagogical problems of physical culture (physical culture and sports)}
}

@article{XuEtAl2022,
  title  = {ViTPose: Simple Vision Transformer Baselines for Human Pose Estimation},
  author = {Yufei Xu and Jing Zhang and Qiming Zhang and Dacheng Tao},
  year   = {2022},
  url    = {https://arxiv.org/abs/2204.12484}
}

@article{ZhaoEtAl2024,
  author  = {Zhao, X. and Wang, L. and Zhang, Y. et al.},
  journal = {Artificial Intelligence Review},
  number  = {99},
  title   = {A review of convolutional neural networks in computer vision},
  volume  = {57},
  year    = {2024}
}

@article{ZhengEtAl2023,
  author  = {Zheng, Ce and Wu, Wenhan and Chen, Chen and Yang, Taojiannan and Zhu, Sijie and Shen, Ju and Kehtarnavaz, Nasser and Shah, Mubarak},
  title   = {Deep Learning-based Human Pose Estimation: A Survey},
  year    = {2023},
  volume  = {56},
  number  = {1},
  journal = {ACM Comput. Surv.},
  pages   = {37}
}


@Comment{jabref-meta: databaseType:biblatex;}
